<?xml version="1.0" encoding="UTF-8"?><collection xmlns="http://www.loc.gov/MARC21/slim"><record><leader>00561nam--2200181-i-4500</leader><controlfield tag="001">000015063</controlfield><controlfield tag="002">20161230</controlfield><controlfield tag="005">20161230201031</controlfield><controlfield tag="008">060222s1000------------r-----000-0-eng-d</controlfield><datafield ind1=" " ind2=" " tag="040"><subfield code="a">IFIN-HH</subfield></datafield><datafield ind1=" " ind2=" " tag="080"><subfield code="a">62(038)=20</subfield></datafield><datafield ind1="1" ind2=" " tag="100"><subfield code="a">Neuman, Carol</subfield></datafield><datafield ind1="1" ind2="0" tag="245"><subfield code="a">Dictionar politehnic</subfield><subfield code="b">Editie revizuita si completata sub conducerea prof.dr.doc.radu titeica</subfield><subfield code="c">Carol neuman, edmond nicolau, aurel pirvu, radu titeica</subfield></datafield><datafield ind1=" " ind2=" " tag="260"><subfield code="a">Bucuresti</subfield><subfield code="b">Editura Tehnica</subfield><subfield code="c">1967</subfield></datafield><datafield ind1=" " ind2=" " tag="300"><subfield code="a">1063P</subfield></datafield><datafield ind1="1" ind2=" " tag="700"><subfield code="a">Pirvu, Aurel</subfield></datafield><datafield ind1=" " ind2=" " tag="852"><subfield code="a">D.417</subfield><subfield code="c">SLG</subfield></datafield><datafield ind1=" " ind2=" " tag="CAT"><subfield code="a">Sys</subfield><subfield code="c">20130211</subfield><subfield code="h">132257</subfield></datafield></record></collection>